@inproceedings{giunta_perspectives_2004,
	address = {Albany, New York},
	title = {Perspectives in {Optimization} {Under} {Uncertainty}: {Algorithms} and {Applications}},
	isbn = {9781624100192},
	shorttitle = {Perspectives in {Optimization} {Under} {Uncertainty}},
	url = {http://arc.aiaa.org/doi/10.2514/6.2004-4451},
	doi = {10.2514/6.2004-4451},
	language = {en},
	urldate = {2024-03-15},
	booktitle = {10th {AIAA}/{ISSMO} {Multidisciplinary} {Analysis} and {Optimization} {Conference}},
	publisher = {American Institute of Aeronautics and Astronautics},
	author = {Giunta, Anthony and Eldred, Michael and Swiler, Laura and Trucano, Timothy and Wojtkiewicz, Steven},
	month = aug,
	year = {2004},
}